<?xml version="1.0" encoding="UTF-8"?>
  <record xmlns="http://www.loc.gov/MARC21/slim" type="Authority">
    <leader>00000nz  a2200000nc 4500</leader>
    <controlfield tag="001">120995867</controlfield>
    <controlfield tag="003">DE-101</controlfield>
    <controlfield tag="005">20181019114836.0</controlfield>
    <controlfield tag="008">990413n||azznnaabn           | aaa    |c</controlfield>
    <datafield tag="024" ind1="7" ind2=" ">
      <subfield code="a">120995867</subfield>
      <subfield code="0">http://d-nb.info/gnd/120995867</subfield>
      <subfield code="2">gnd</subfield>
    </datafield>
    <datafield tag="035" ind1=" " ind2=" ">
      <subfield code="a">(DE-101)120995867</subfield>
    </datafield>
    <datafield tag="035" ind1=" " ind2=" ">
      <subfield code="a">(DE-588)120995867</subfield>
    </datafield>
    <datafield tag="035" ind1=" " ind2=" ">
      <subfield code="z">(DE-588a)120995867</subfield>
      <subfield code="9">v:zg</subfield>
    </datafield>
    <datafield tag="035" ind1=" " ind2=" ">
      <subfield code="z">(DE-588a)119743353</subfield>
    </datafield>
    <datafield tag="035" ind1=" " ind2=" ">
      <subfield code="z">(DE-588c)4539022-8</subfield>
      <subfield code="9">v:zg</subfield>
    </datafield>
    <datafield tag="040" ind1=" " ind2=" ">
      <subfield code="a">DE-12</subfield>
      <subfield code="c">DE-12</subfield>
      <subfield code="9">r:DE-12</subfield>
      <subfield code="b">ger</subfield>
      <subfield code="d">8999</subfield>
    </datafield>
    <datafield tag="042" ind1=" " ind2=" ">
      <subfield code="a">gnd1</subfield>
    </datafield>
    <datafield tag="043" ind1=" " ind2=" ">
      <subfield code="c">XA-DE</subfield>
    </datafield>
    <datafield tag="065" ind1=" " ind2=" ">
      <subfield code="a">16.5p</subfield>
      <subfield code="2">sswd</subfield>
    </datafield>
    <datafield tag="065" ind1=" " ind2=" ">
      <subfield code="a">13.4p</subfield>
      <subfield code="2">sswd</subfield>
    </datafield>
    <datafield tag="075" ind1=" " ind2=" ">
      <subfield code="b">p</subfield>
      <subfield code="2">gndgen</subfield>
    </datafield>
    <datafield tag="075" ind1=" " ind2=" ">
      <subfield code="b">piz</subfield>
      <subfield code="2">gndspec</subfield>
    </datafield>
    <datafield tag="079" ind1=" " ind2=" ">
      <subfield code="a">g</subfield>
      <subfield code="q">a</subfield>
      <subfield code="q">f</subfield>
      <subfield code="q">s</subfield>
      <subfield code="u">v</subfield>
      <subfield code="u">o</subfield>
    </datafield>
    <datafield tag="100" ind1="1" ind2=" ">
      <subfield code="a">Löhneysen, Georg Engelhard</subfield>
      <subfield code="d">1552-1622</subfield>
    </datafield>
    <datafield tag="375" ind1=" " ind2=" ">
      <subfield code="a">1</subfield>
      <subfield code="2">iso5218</subfield>
    </datafield>
    <datafield tag="400" ind1="1" ind2=" ">
      <subfield code="a">Löhneyß, Georg Engelhard &#152;von&#156;</subfield>
      <subfield code="d">1552-1622</subfield>
    </datafield>
    <datafield tag="400" ind1="1" ind2=" ">
      <subfield code="a">Löhneyß, Georg Engelhardt &#152;von&#156;</subfield>
      <subfield code="d">1552-1622</subfield>
    </datafield>
    <datafield tag="400" ind1="1" ind2=" ">
      <subfield code="a">Loehneiß, Georg Engelhard &#152;von&#156;</subfield>
      <subfield code="d">1552-1622</subfield>
    </datafield>
    <datafield tag="400" ind1="1" ind2=" ">
      <subfield code="a">Lohneisen, Georg Engelhard &#152;von&#156;</subfield>
      <subfield code="d">1552-1622</subfield>
    </datafield>
    <datafield tag="400" ind1="1" ind2=" ">
      <subfield code="a">Löhneyß, George Engelhard</subfield>
      <subfield code="d">1552-1622</subfield>
      <subfield code="9">v:ADB</subfield>
    </datafield>
    <datafield tag="400" ind1="1" ind2=" ">
      <subfield code="a">Löhneyss, George Engelhard</subfield>
      <subfield code="d">1552-1622</subfield>
    </datafield>
    <datafield tag="400" ind1="1" ind2=" ">
      <subfield code="a">Loehneyss, Georg E. &#152;von&#156;</subfield>
      <subfield code="d">1552-1622</subfield>
    </datafield>
    <datafield tag="400" ind1="1" ind2=" ">
      <subfield code="a">Loehneys, Georg Engelhard &#152;von&#156;</subfield>
      <subfield code="d">1552-1622</subfield>
    </datafield>
    <datafield tag="400" ind1="1" ind2=" ">
      <subfield code="a">Löhneyß, George Engelhard &#152;von&#156;</subfield>
      <subfield code="d">1552-1622</subfield>
    </datafield>
    <datafield tag="400" ind1="1" ind2=" ">
      <subfield code="a">Löhneysen, Georg Engelhart</subfield>
      <subfield code="d">1552-1622</subfield>
      <subfield code="9">v:Thieme-Becker</subfield>
    </datafield>
    <datafield tag="400" ind1="1" ind2=" ">
      <subfield code="a">Löhneyß, Georgius Engelhartus</subfield>
      <subfield code="d">1552-1622</subfield>
    </datafield>
    <datafield tag="400" ind1="1" ind2=" ">
      <subfield code="a">Löhneisen, G. E. &#152;von&#156;</subfield>
      <subfield code="d">1552-1622</subfield>
    </datafield>
    <datafield tag="400" ind1="1" ind2=" ">
      <subfield code="a">Löneyssen, Georg Engelhart</subfield>
      <subfield code="d">1552-1622</subfield>
    </datafield>
    <datafield tag="400" ind1="1" ind2=" ">
      <subfield code="a">Löneyssen, Georg Engelhard</subfield>
      <subfield code="d">1552-1622</subfield>
    </datafield>
    <datafield tag="400" ind1="1" ind2=" ">
      <subfield code="a">Löhneisen, Georg Engelhard &#152;von&#156;</subfield>
      <subfield code="d">1552-1622</subfield>
    </datafield>
    <datafield tag="400" ind1="1" ind2=" ">
      <subfield code="9">L:eng</subfield>
      <subfield code="a">Löhneyss, Georg Engelhard &#152;von&#156;</subfield>
      <subfield code="d">1552-1622</subfield>
      <subfield code="5">CH-GND</subfield>
    </datafield>
    <datafield tag="400" ind1="1" ind2=" ">
      <subfield code="a">Löhneysz, Georg Engelhard &#152;von&#156;</subfield>
      <subfield code="d">1552-1622</subfield>
    </datafield>
    <datafield tag="400" ind1="1" ind2=" ">
      <subfield code="9">L:fre</subfield>
      <subfield code="a">Löhneyss, Georg Engelhard &#152;von&#156;</subfield>
      <subfield code="d">1552-1622</subfield>
      <subfield code="5">CH-GND</subfield>
    </datafield>
    <datafield tag="400" ind1="1" ind2=" ">
      <subfield code="a">Loeneiss, Georg Engelhard &#152;von&#156;</subfield>
      <subfield code="d">1552-1622</subfield>
    </datafield>
    <datafield tag="400" ind1="1" ind2=" ">
      <subfield code="a">Löhneyss, Georg Engelhard &#152;von&#156;</subfield>
      <subfield code="d">1552-1622</subfield>
    </datafield>
    <datafield tag="510" ind1="2" ind2=" ">
      <subfield code="0">(DE-101)1004502133</subfield>
      <subfield code="0">(DE-588)6146279-2</subfield>
      <subfield code="0">https://d-nb.info/gnd/6146279-2</subfield>
      <subfield code="a">Privatpresse des Georg Engelhard von Löhneysen</subfield>
      <subfield code="4">affi</subfield>
      <subfield code="4">https://d-nb.info/standards/elementset/gnd#affiliation</subfield>
      <subfield code="w">r</subfield>
      <subfield code="i">Affiliation</subfield>
      <subfield code="e">Affiliation</subfield>
    </datafield>
    <datafield tag="548" ind1=" " ind2=" ">
      <subfield code="a">27.03.1552-01.12.1622</subfield>
      <subfield code="4">datx</subfield>
      <subfield code="4">https://d-nb.info/standards/elementset/gnd#dateOfBirthAndDeath</subfield>
      <subfield code="w">r</subfield>
      <subfield code="i">Exakte Lebensdaten</subfield>
    </datafield>
    <datafield tag="548" ind1=" " ind2=" ">
      <subfield code="a">1552-1622</subfield>
      <subfield code="4">datl</subfield>
      <subfield code="4">https://d-nb.info/standards/elementset/gnd#dateOfBirthAndDeath</subfield>
      <subfield code="w">r</subfield>
      <subfield code="i">Lebensdaten</subfield>
    </datafield>
    <datafield tag="550" ind1=" " ind2=" ">
      <subfield code="0">(DE-101)199007659</subfield>
      <subfield code="0">(DE-588)7762580-8</subfield>
      <subfield code="0">https://d-nb.info/gnd/7762580-8</subfield>
      <subfield code="a">Bergbeamter</subfield>
      <subfield code="4">berc</subfield>
      <subfield code="4">https://d-nb.info/standards/elementset/gnd#professionOrOccupation</subfield>
      <subfield code="w">r</subfield>
      <subfield code="i">Charakteristischer Beruf</subfield>
    </datafield>
    <datafield tag="550" ind1=" " ind2=" ">
      <subfield code="0">(DE-101)1022877364</subfield>
      <subfield code="0">(DE-588)1022877364</subfield>
      <subfield code="0">https://d-nb.info/gnd/1022877364</subfield>
      <subfield code="a">Stallmeister</subfield>
      <subfield code="4">beru</subfield>
      <subfield code="4">https://d-nb.info/standards/elementset/gnd#professionOrOccupation</subfield>
      <subfield code="w">r</subfield>
      <subfield code="i">Beruf</subfield>
    </datafield>
    <datafield tag="550" ind1=" " ind2=" ">
      <subfield code="0">(DE-101)041383435</subfield>
      <subfield code="0">(DE-588)4138343-6</subfield>
      <subfield code="0">https://d-nb.info/gnd/4138343-6</subfield>
      <subfield code="a">Verleger</subfield>
      <subfield code="4">beru</subfield>
      <subfield code="4">https://d-nb.info/standards/elementset/gnd#professionOrOccupation</subfield>
      <subfield code="w">r</subfield>
      <subfield code="i">Beruf</subfield>
    </datafield>
    <datafield tag="551" ind1=" " ind2=" ">
      <subfield code="0">(DE-101)953684512</subfield>
      <subfield code="0">(DE-588)4502271-9</subfield>
      <subfield code="0">https://d-nb.info/gnd/4502271-9</subfield>
      <subfield code="a">Remlingen</subfield>
      <subfield code="g">Landkreis Wolfenbüttel</subfield>
      <subfield code="4">orts</subfield>
      <subfield code="4">https://d-nb.info/standards/elementset/gnd#placeOfDeath</subfield>
      <subfield code="w">r</subfield>
      <subfield code="i">Sterbeort</subfield>
    </datafield>
    <datafield tag="667" ind1=" " ind2=" ">
      <subfield code="a">12</subfield>
    </datafield>
    <datafield tag="667" ind1=" " ind2=" ">
      <subfield code="a">7</subfield>
    </datafield>
    <datafield tag="667" ind1=" " ind2=" ">
      <subfield code="a">384</subfield>
    </datafield>
    <datafield tag="667" ind1=" " ind2=" ">
      <subfield code="a">VD-17</subfield>
    </datafield>
    <datafield tag="667" ind1=" " ind2=" ">
      <subfield code="a">3</subfield>
    </datafield>
    <datafield tag="667" ind1=" " ind2=" ">
      <subfield code="a">VD-18</subfield>
    </datafield>
    <datafield tag="667" ind1=" " ind2=" ">
      <subfield code="a">NDSBIO</subfield>
    </datafield>
    <datafield tag="667" ind1=" " ind2=" ">
      <subfield code="a">Quelle: DNB-Normdaten (Info DNB: Deutschland (XA-DE) Weitere Angaben Stallmeister und Berghauptmann; Dt. Politiker und Zeichner)</subfield>
    </datafield>
    <datafield tag="670" ind1=" " ind2=" ">
      <subfield code="a">PND</subfield>
    </datafield>
    <datafield tag="670" ind1=" " ind2=" ">
      <subfield code="a">Wikipedia</subfield>
      <subfield code="b">Stand: 19.10.2018</subfield>
      <subfield code="u">https://de.wikipedia.org/wiki/Georg_Engelhard_von_L%C3%B6hneysen</subfield>
    </datafield>
    <datafield tag="672" ind1=" " ind2="0">
      <subfield code="a">Aulico-Politica</subfield>
      <subfield code="f">1625</subfield>
    </datafield>
    <datafield tag="672" ind1=" " ind2="0">
      <subfield code="a">Bericht vom Bergwerck</subfield>
      <subfield code="f">[ca. 1618]</subfield>
    </datafield>
    <datafield tag="672" ind1=" " ind2="0">
      <subfield code="a">Della cavalleria</subfield>
      <subfield code="f">1624</subfield>
    </datafield>
    <datafield tag="672" ind1=" " ind2="0">
      <subfield code="a">Hoff-, Staats- und Regier-Kunst</subfield>
      <subfield code="f">1679</subfield>
    </datafield>
    <datafield tag="672" ind1=" " ind2="0">
      <subfield code="a">Von Zeumen</subfield>
      <subfield code="f">1588</subfield>
    </datafield>
    <datafield tag="672" ind1=" " ind2="0">
      <subfield code="a">Neu eröffnete Hoff-, Kriegs- und Reit-Schule</subfield>
      <subfield code="f">1729</subfield>
    </datafield>
    <datafield tag="672" ind1=" " ind2="0">
      <subfield code="a">Aulico politica</subfield>
      <subfield code="f">1622</subfield>
    </datafield>
    <datafield tag="672" ind1=" " ind2="0">
      <subfield code="a">Wedemeier, Martin: Christliche Leichpredig ...</subfield>
      <subfield code="f">1623</subfield>
    </datafield>
    <datafield tag="672" ind1=" " ind2="0">
      <subfield code="a">Von Zeumen. Gründtlicher Bericht des Zeumens vnd ordentliche Außteilung der Mündstück (VD16 L 2286)</subfield>
      <subfield code="f">1588</subfield>
    </datafield>
    <datafield tag="678" ind1=" " ind2=" ">
      <subfield code="b">Berghauptmann, Autor, dt. Politiker und Zeichner; geb. in Witzlasreuth</subfield>
    </datafield>
    <datafield tag="913" ind1=" " ind2=" ">
      <subfield code="S">pnd</subfield>
      <subfield code="i">a</subfield>
      <subfield code="a">Löhneysen, Georg Engelhard</subfield>
      <subfield code="0">(DE-588a)120995867</subfield>
    </datafield>
  </record>
